2484 4184
244 334 292 427 69
366 327 830 404 HIPPOLYTUS.
887 343 991 430 1457.

241 481 347 546 Viden
361 482 443 544 enim
454 499 485 542 te
497 480 562 560 jam
577 480 716 543 vicinum
728 477 785 544 effe
798 479 977 548 huiemio.

241 618 285 686 H·
300 620 394 683 Laeta
408 636 438 683 et
448 639 481 684 tn
499 621 586 696 vade,
601 619 690 684 beata
704 621 809 706 virgus

240 760 450 846 Longumque
468 761 624 844 relinquas
635 762 745 825 leviten
762 759 1026 832 consuetudinem.

241 900 494 994 Qenelamnvn‘o
504 904 534 963 in
551 917 670 984 patrem
687 901 873 986 dimittmſsc
890 919 920 967 te
936 906 1079 972 volentee

240 1040 325 1106 Nam
339 1058 369 1106 et
381 1057 450 1106 ante
458 1043 576 1124 semper
592 1045 656 1106 tuis
674 1027 881 1128 obtemperavi
898 1043 1013 1110 verbis.

240 1183 328 1257 Heu,
345 1180 431 1246 heu!
448 1183 530 1246 venit
541 1183 615 1244 mihi
628 1184 728 1269 caligo
737 1185 803 1265 jam
818 1186 850 1249 in
866 1187 983 1266 oculos,

243 1326 358 1407 Accipe
369 1343 429 1396 me,
446 1341 541 1407 pater,
555 1341 584 1386 ct
597 1327 677 1410 erige
696 1345 821 1408 corpus.

240 1469 281 1534 T.
296 1465 355 1530 Hei
369 1467 458 1542 mihi,
472 1464 540 1539 fili3
557 1466 634 1550 qnid
648 1463 722 1552 mihi
733 1463 807 1529 facis
824 1461 934 1530 misero
950 1469 962 1530 i

240 1605 286 1671 Η.
300 1607 395 1686 Perii,
408 1608 509 1688 etjam
519 1608 612 1671 video
628 1621 733 1692 portas
750 1604 929 1672 inferorum.

239 1747 281 1812 T.
300 1749 351 1812 An
367 1749 544 1831 relinquens
558 1748 710 1832 pollutam
724 1761 859 1812 mentem
877 1748 1006 1812 meam?

240 1891 286 1957 Η.
297 1890 518 1975 Nequaquam,
526 1889 816 1973 qnandoquidemte
823 1889 965 1953 liberoab
972 1888 1128 1952 haccaede

238 2031 281 2096 Τ.
299 2033 387 2122 Qid
397 2035 438 2096 ais
451 2031 465 2096 ἓ
476 2031 602 2094 dimittis
616 2051 664 2094 me
682 2031 812 2092 liberum
825 2051 841 2091 a
853 2032 944 2114 culpa
962 2034 1043 2094 neeis
1060 2028 1073 2092 i

239 2173 285 2240 Η.
297 2175 410 2240 Testor
427 2174 563 2237 Dianam
577 2171 692 2256 sagittis
696 2171 790 2256 seras
802 2167 995 2236 domaniem.

239 2319 283 2378 Τ.
300 2315 331 2378 O
347 2313 527 2390 chfflffime,
544 2333 637 2396 quam
652 2313 813 2397 generosus
827 2334 859 2376 es
877 2332 946 2397 erga
960 2325 1090 2396 patrem.

238 2453 285 2518 Η.
304 2453 335 2516 O
346 2470 444 2534 pater,
461 2455 527 2516 vale
542 2471 574 2517 et
592 2471 637 2532 tn,
654 2455 718 2518 vale
742 2455 929 2538 plurimum.

237 2597 278 2660 Τ.
299 2596 370 2660 Heu
384 2609 517 2657 mentem
536 2611 620 2657 tuam
635 2599 714 2680 piam
728 2613 758 2660 et
776 2596 902 2660 bonam.

237 2735 283 2800 H.
302 2735 385 2818 Opta
401 2749 433 2796 te
448 2735 592 2820 consequi
607 2739 680 2801 tales
693 2739 844 2823 genuinos
857 2735 981 2798 liberos.

236 2875 277 2938 Τ.
291 2879 337 2938 Ne
355 2874 460 2957 utique
472 2874 590 2940 deseras
608 2901 669 2956 me,
687 2878 731 2940 fili
743 2877 792 2940 sed
805 2875 888 2939 fortis
905 2873 953 2936 fis.

236 3015 280 3080 Η.
293 3015 526 3106 Qicquiderat
540 3019 613 3081 mihi
624 3016 798 3095 forte‚abiit
811 3039 819 3080 z
831 3014 907 3099 perii
919 3013 1012 3088 enim,
1024 3025 1126 3094 pater:

236 3155 355 3239 Tegito
366 3174 465 3219 autem
485 3157 594 3220 faciem
611 3177 711 3220 meam
722 3177 814 3243 qnam
827 3155 984 3221 celerrime
998 3149 1103 3236 peplis.

235 3295 276 3358 T.
293 3296 324 3360 0
340 3297 473 3360 celebres
485 3297 562 3360 fines
575 3299 784 3372 Athenarum,
799 3311 830 3360 et
848 3293 987 3371 Palladis,

177 3455 180 3460 ·
210 3446 215 3461 ‘
237 3435 330 3524 Qali
350 3437 416 3499 viro
430 3433 633 3498 orbabimini!
653 3455 744 3519 nego
758 3434 858 3499 miser.

237 3576 289 3639 Ut
305 3545 405 3660 impe,
418 3599 439 3640 n
450 3578 570 3651 Venus,
584 3576 774 3640 recordabor
793 3575 944 3654 tuamain.
977 3597 982 3612 ‘
