2484 4184
255 322 730 399 HIPPOLYTUS.
783 325 865 413 284.
961 324 1006 399 16

127 470 160 537 C.
174 470 220 536 Tu
232 466 315 537 'vero
331 492 437 537 uoooe
453 473 518 537 vim
531 472 668 548 adhibeo,
685 492 808 537 conane

126 612 315 699 Cognoscere
334 616 483 679 morbum
496 612 600 695 hujus,
618 627 650 678 et
668 632 809 678 errorem
827 607 961 675 mentis?
988 636 994 645 ·

33 790 34 795 κ
121 751 159 818 Ν.
179 753 297 818 Omnia
316 754 449 832 tentavi,
466 770 498 816 et
515 752 594 817 nihil
607 754 677 837 plus
693 752 795 817 effeci.

120 896 240 957 Temen
254 915 326 959 oon
343 893 497 957 remittam
514 893 607 957 etiam
624 912 711 957 nunc
725 893 765 957 de
783 914 855 958 meo
872 889 987 971 studio,
1046 968 1055 1001 ι

117 1031 163 1095 Ut
177 1033 327 1117 praesens
341 1049 374 1096 tu
389 1051 512 1120 quoque
525 1030 613 1115 poffis
628 1032 709 1096 testis
722 1030 800 1108 effe3

118 1168 225 1260 Qalis
244 1172 365 1239 fuerim
379 1193 450 1257 erga
467 1171 613 1236 dominos
628 1172 801 1236 calamitate
819 1168 960 1235 affiidtor.
986 1196 993 1208 ·

118 1310 188 1385 Sed,
203 1334 226 1375 o
240 1313 306 1377 filia
323 1278 474 1388 Phaedri,
492 1311 628 1395 priorem
641 1312 769 1395 quidem
783 1309 955 1376 sermonem

117 1447 353 1517 obliviscamur
370 1456 491 1529 ambae,
508 1466 539 1515 et
557 1464 593 1514 tu
607 1450 757 1534 placatior
771 1450 841 1528 fiae,

117 1586 254 1657 solvens
265 1585 356 1657 'triste
368 1589 578 1695 supercilium,
594 1606 626 1655 et
642 1593 779 1675 asperam
794 1592 908 1657 confilii
920 1592 1014 1658 vitm.
1046 1564 1052 1572 ἱ

118 1731 266 1821 Egoque,
286 1734 309 1799 fi
326 1733 402 1818 quid
415 1732 471 1795 tibi
483 1751 549 1795 non
561 1732 642 1795 redte
660 1748 733 1796 tuoe
746 1730 897 1799 obsecuta
907 1731 990 1812 sum,

119 1871 264 1955 Mutata,
278 1873 417 1939 adalind
434 1870 558 1935 veniam
577 1871 735 1937 meliorem
750 1871 941 1939 sermonem.

125 2014 237 2101 Atque
256 2018 359 2100 liquo
370 2014 492 2077 laboras
507 1996 634 2077 occulto
653 2011 744 2090 malo,

123 2154 280 2224 Mulieres
298 2176 370 2220 ecce
385 2152 494 2235 adsrmt
511 2153 551 2216 ad
570 2151 741 2216 sedandum
759 2152 925 2217 morbum:

32 2322 34 2331 ·
123 2296 157 2363 Si
174 2321 254 2365 vero
272 2298 327 2361 tibi
343 2296 499 2358 calamitas
509 2290 585 2377 adfit
602 2295 736 2358 maribus
747 2292 955 2374 declaranda,
987 2282 991 2292 ’

123 2437 202 2519 Dic,
222 2458 256 2503 ut
273 2436 401 2501 medicis
419 2433 570 2499 indicetur
583 2438 660 2499 haec
676 2456 734 2501 res.
987 2408 992 2415 ¹

111 2577 222 2655 'Esto;
240 2579 317 2662 quid
335 2572 436 2641 taces?
460 2596 526 2639 uon
543 2594 667 2659 oportet
681 2593 711 2640 te
726 2590 836 2653 tacere,
849 2574 926 2663 filia,

127 2718 190 2785 Sed
209 2734 263 2783 aut
279 2738 326 2781 me
344 2717 579 2799 reprehendere,
598 2715 619 2778 sr
639 2716 714 2800 quid
725 2737 791 2780 ooo
808 2715 890 2778 redle
906 2716 988 2795 dico,

129 2860 199 2926 A‘m
210 2861 288 2924 bene
303 2856 391 2921 dietis
402 2858 618 2941 obtemperare
630 2856 743 2919 verbis.
860 2828 863 2833 Ι
968 2821 993 2835 ..

128 3000 279 3083 Loquere
292 2994 421 3081 aliquid,
433 2997 497 3061 huc
509 2994 622 3081 spella:
642 3018 663 3077 o
676 3015 727 3058 me
741 2992 903 3058 miseram!

129 3138 289 3215 Mulieres,
306 3135 420 3200 frustra
434 3134 612 3201 insumimus
627 3138 688 3199 hos
704 3136 839 3212 laboret,
856 3129 1001 3197 absumus

94 3256 98 3263 ’
131 3270 1017 3362 Autemapropcfitotamproculqoamprius;nequeenim

121 3420 226 3481 'Tune
238 3418 338 3481 verbis
352 3416 586 3483 demulcebatur
599 3418 689 3496 haee,
705 3436 807 3500 neque
821 3434 904 3479 nunc

133 3558 350 3645 Obtemperat.
380 3558 442 3627 Sed
465 3556 538 3627 sciat
557 3576 671 3637 tameo,
690 3557 731 3621 ad
746 3560 804 3619 boc
817 3518 1002 3639 pettinaeior
