2484 4184
231 334 274 393 ,ι
370 282 839 381 nr'rronrrus.
892 275 976 407 m·

141 454 151 471 ‘
227 458 337 538 Potui,
355 458 437 522 utin
451 457 641 525 contrariam
654 470 790 526 meatem
806 457 992 527 reciderem.

228 600 291 669 Sed
303 600 406 663 dicam
423 596 482 665 cibi
500 597 592 662 eriam
605 616 692 661 meae
703 598 811 676 mentis
821 598 918 666 viam:

228 742 400 825 Postquam
417 758 467 802 me
483 735 659 801 vulneravit
676 756 780 811 amor,
799 738 1034 805 confidembam
1051 757 1118 826 qua

229 880 363 949 Ratione
381 876 588 963 pulcherrime
605 874 843 961 ferremipsum·
868 878 975 963 ltaque
986 883 1080 968 ,coepi

228 1024 277 1091 Ex
295 1044 333 1087 en
346 1037 487 1105 tempore
500 1016 658 1083 occultare
676 1032 708 1081 et
722 1018 819 1083 celare
833 1018 918 1084 hunc
929 1023 1088 1085 morbum.

228 1162 314 1231 Nam
331 1162 411 1225 nihil
423 1158 585 1223 fidendum
598 1158 734 1243 linguae,
745 1178 827 1243 quae
840 1159 974 1225 aliorum
986 1161 1116 1246 quidem

229 1304 408 1371 Hominum
424 1298 629 1398 cogitationes
646 1296 800 1383 corrigere
814 1300 918 1366 nonita

227 1442 296 1529 Ipsa
314 1462 392 1507 vcro
411 1439 464 1507 fibi
480 1438 611 1525 plurima
623 1438 706 1503 mala
718 1436 858 1501 acceriit·

228 1582 374 1660 Secundo
390 1553 464 1644 bero
474 1578 551 1643 hanc
569 1584 678 1643 ameris
690 1578 852 1643 amentiam
863 1576 1090 1661 fortiterferre,

230 1722 377 1791 castitate
393 1721 517 1785 vincens
527 1740 603 1797 eam,
622 1730 696 1784 ante
709 1700 923 1785 decreveram.

188 1954 190 1961 Ι
227 1864 338 1951 Tereia
355 1876 473 1939 autem,
490 1860 616 1943 quando
634 1856 726 1937 mariis.
739 1857 800 1937 iilis
816 1880 882 1925 non
900 1862 993 1946 potui

229 2005 387 2071 Venerem
405 2001 561 2087 superare,
576 2000 656 2063 mori
672 1997 770 2065 risum
782 2001 832 2095 ,eii
848 2002 925 2068 mihi

100 2208 105 2224 Ι
228 2141 412 2228 Optimum:
429 2141 532 2205 nuilus
545 2140 589 2205 bis
603 2142 674 2219 arch
686 2140 876 2225 obloquetur
887 2140 1033 2209 confluis.

119 2360 123 2364 ,
227 2281 313 2347 Mihi
324 2284 409 2347 enim
421 2286 593 2366 contingat,
611 2302 713 2364 neque
728 2283 824 2346 lacere
836 2281 978 2362 honesta,
990 2302 1089 2368 neque

227 2422 347 2507 Turpia
363 2421 501 2499 facienti,
518 2418 603 2483 tester
621 2421 737 2497 mulene
752 2422 877 2488 habere.
902 2423 971 2510 Ego
988 2424 1113 2508 quidem
1134 2454 1138 2459 ’

227 2560 345 2628 Noram
361 2562 442 2627 hanc
457 2582 537 2641 rem,
554 2578 586 2625 et
603 2562 750 2627 morbum
762 2560 924 2642 infamem,
1027 2615 1029 2620 .

156 2759 158 2765 .
227 2702 459 2789 Mulieremque
473 2720 628 2787 praetcrea
641 2725 695 2769 me
712 2702 782 2784 esse,
795 2702 924 2769 sciebam
934 2705 1026 2783 bene,
1131 2761 1134 2767 .

227 2842 306 2913 Rem
320 2847 464 2911 omuibus
476 2843 612 2909 invisam.
637 2844 772 2909 Urinam
784 2844 838 2909 iila
849 2865 955 2929 pereat
968 2845 1100 2932 peffime.

228 2983 444 3078 Quaecunque
463 2986 568 3069 coepit
581 2984 721 3071 polluere
738 2984 909 3072 conjugales
925 2986 1021 3051 lecim
1039 3003 1113 3055 cum

226 3124 308 3191 Vrris
323 3128 426 3211 prima
443 3127 582 3191 externis.
608 3126 657 3191 Ex
672 3126 826 3191 nobilibus
842 3143 947 3194 autem
962 3126 1087 3193 familiia

226 3268 294 3333 Hoc
307 3272 424 3337 maium
440 3268 541 3354 coepit
556 3268 641 3334 inter
654 3266 808 3333 foeminas
823 3269 911 3336 oriri.
969 3327 972 3332 .

226 3405 309 3472 Nam
322 3410 395 3473 cum
410 3410 509 3493 turpia
524 3409 643 3493 placent
656 3413 702 3490 iis,
715 3413 767 3495 qui
780 3409 936 3479 habentur
947 3409 1035 3488 boni,

227 3544 321 3614 Certe
336 3550 424 3615 valde
440 3552 568 3617 honesta
586 3551 778 3617 videturesse
797 3551 895 3617 malis.
