2484 4184
239 342 281 423 31
379 266 845 396 ΗιΡΡοιΥτῇυε.
900 319 987 416 ⁶09.

234 473 279 539 H.
297 472 373 537 Non
385 471 485 555 potest
497 470 565 533 fieri
576 487 610 535 ut
620 484 751 547 taceam,
761 489 834 533 cum
848 483 910 533 tam
922 470 1037 533 atrocia

235 614 436 682 Audiverim.
457 610 500 674 N.
513 612 577 675 Oro
585 626 615 675 te
628 631 682 694 per
697 627 780 674 tuam
791 596 956 695 pulchanm
964 610 1121 677 dextram.

234 754 279 821 H.
298 754 348 819 Ne
360 753 525 829 admoveas
538 774 681 830 manum,
694 771 794 834 neque
804 753 938 834 attingas
948 748 1076 817 vestem.

238 889 285 961 N.
305 894 337 962 O
352 916 522 981 pergenua
535 908 631 957 tuate
649 914 742 977 rogo,
757 914 796 955 ne
807 913 857 954 me
868 891 989 976 perdes.

237 1034 283 1100 H.
303 1030 391 1131 Qid
406 1055 481 1099 vero
500 1034 640 1119 perdam,
652 1031 818 1116 fiquidem,
829 1032 961 1108 utdicis,
971 1029 1048 1096 nihl}
1060 1034 1137 1098 mati

238 1177 426 1243 Locutaes?
443 1174 485 1238 N.
495 1166 1137 1258 Ofili,hoemenmdittumznonvutgoest

241 1318 429 1401 Acceptum.
441 1311 628 1381 H.Honesta
635 1328 740 1376 tamen
749 1312 833 1396 vulgi
837 1313 959 1394 jndicio
967 1315 1138 1379 honestum

243 1454 295 1519 Est
309 1456 420 1521 dicere.
446 1450 490 1517 N.
502 1454 533 1519 O
544 1454 601 1531 fili,
613 1453 836 1535 jusjurandum
847 1474 886 1515 ne
897 1470 1087 1520 contemnas.

241 1594 285 1661 H.
300 1588 561 1681 Lingunjuravit‚
572 1613 658 1658 mens
669 1612 742 1696 veto
758 1604 863 1657 manet
878 1592 1022 1675 injurata.

240 1734 284 1801 N.
300 1734 398 1811 Ofili,
418 1734 497 1819 quid
513 1733 630 1799 facies?
642 1736 961 1819 perdestuoeomicos
977 1738 988 1799 ἓ

241 1877 283 1939 Η.
299 1874 491 1938 Abominor:
505 1876 606 1940 nullus
616 1878 693 1940 enim
704 1847 862 1941 sceierams
876 1875 920 1940 est
927 1875 1000 1939 mihi
1008 1878 1139 1943 amicus.

243 2013 286 2079 N.
298 2008 443 2100 Ignosce:
460 2013 696 2081 consentaneum
710 2019 750 2099 est
760 2019 904 2082 homines
917 2039 1030 2096 επακ,
1047 2040 1068 2083 o
1080 2018 1139 2084 titi.

113 2197 116 2204 ·
243 2154 287 2219 H.
306 2155 339 2217 Ο
348 2156 479 2241 jupiter.
497 2180 643 2236 curnam,
655 2156 794 2222 fucatum
807 2160 924 2224 malum
937 2158 1127 2233 hominibus,

244 2290 394 2360 Mulieres
411 2297 466 2362 sub
479 2296 557 2362 Solis
568 2298 636 2361 luce
652 2298 847 2363 collocasti?

245 2430 374 2498 sienim
390 2436 513 2501 volebas
528 2436 674 2501 seminare·
683 2460 781 2524 genus
793 2440 981 2512 humanum.

244 2574 322 2637 Non
332 2578 489 2658 opot'tebat
503 2578 565 2641 hoc
578 2578 646 2641 fieri
660 2598 701 2641 ex
714 2579 912 2643 mulieribus:

246 2711 306 2777 Sed
317 2714 456 2779 homines
465 2718 497 2780 in
512 2717 572 2781 tuis
587 2719 713 2801 templis
729 2736 835 2789 contra
852 2719 1022 2803 pendentes

249 2853 316 2917 Aut
331 2874 392 2933 aes,
408 2852 754 2934 aut'fetrumsaut-anri
772 2858 904 2942 pondus,

247 2991 435 3059 Liberorum
446 3016 550 3061 emere
567 2988 675 3075 semen,
689 2994 857 3062 secundum
871 2995 1001 3062 censum

178 3214 181 3219 Ι
246 3132 693 3223 Dignitatis'unumquemqne:
704 3150 737 3200 et
748 3137 922 3202 inaedibus
969 3227 972 3238 Ι

247 3272 366 3338 Liberis
383 3276 523 3342 habitare
538 3276 600 3341 fine
619 3261 812 3341 mutieribus.

247 3408 343 3478 Nunc
353 3434 425 3479 vero
437 3417 569 3500 primum
580 3420 643 3481 hoc
656 3416 897 3482 malomducere
907 3420 938 3481 in
951 3414 1056 3481 aedes·

246 3550 410 3635 Volentes,
426 3544 631 3644 expendimuo
647 3556 759 3623 domus
774 3556 943 3624 facultatem
