2484 4184
212 323 261 431 89
381 326 792 407 Aucusms.
845 334 929 432 33³.

210 480 483 567 sponsaTheuua
501 502 551 544 me
562 482 763 569 compellabit
779 481 886 549 virum
900 479 1003 548 suum.

210 621 313 689 Nulla
326 620 368 687 est
384 637 449 687 tam
466 624 560 687 nobili
577 640 667 708 patre
686 640 769 704 natu,

212 760 311 827 Nulla
327 763 443 847 alioqui
463 763 567 829 forma
583 766 814 834 eminentiflima
829 764 957 829 mulier.

213 900 293 967 Satis
306 906 387 969 enim
397 904 563 969 liberorum
576 906 664 971 habeo
677 935 687 986 ;
706 910 884 991 horumque
902 902 1090 969 fruitionem

215 1042 334 1108 Precor
343 1046 420 1109 deos
438 1046 514 1109 mihi
526 1050 705 1144 contingere
718 1072 727 1111 ε
742 1064 772 1113 te
790 1048 874 1113 euim
889 1066 951 1109 non
958 1043 1108 1125 fruimur,

213 1184 318 1249 Feram
336 1200 439 1249 autem
451 1187 566 1252 luctum
580 1207 641 1250 uon
654 1204 772 1253 tantum
785 1207 921 1251 aunuum

212 1323 386 1391 Seddouec
405 1326 468 1388 vita
478 1347 546 1388 mea
561 1327 735 1407 duraverat,
750 1350 770 1391 o
785 1328 932 1407 conjunx,

216 1463 413 1542 Adversatus,
426 1486 506 1549 quae
517 1488 567 1529 me
580 1471 705 1549 peperit,
719 1468 853 1552 odioque
868 1468 984 1531 habeus
996 1488 1108 1533 meum

214 1602 361 1670 Patrem:
378 1608 505 1669 nomine
516 1611 596 1670 euim
610 1624 699 1674 erant
713 1610 812 1687 amici,
830 1628 894 1673 non
911 1628 956 1671 re.

214 1746 268 1812 Tu
284 1769 359 1811 vero
373 1736 448 1810 daus
462 1745 630 1813 chau-iffimu
648 1768 704 1833 pro
718 1768 786 1815 mea

216 1888 301 1964 Vita,
316 1885 436 1952 servasti
454 1911 499 1951 me
511 1915 521 1950 .·
534 1910 571 1951 an
582 1910 646 1952 uon
657 1890 753 1973 igitur
766 1902 888 1977 gemere
899 1888 996 1970 adest,

217 2030 390 2094 Amitteuti
404 2045 436 2095 te
453 2030 543 2091 talem
561 2026 753 2114 conjugem?

217 2168 343 2234 Tollam
360 2191 434 2233 vero
446 2168 726 2247 comeffationes,et
744 2165 1098 2239 convivammsodaliua

218 2308 258 2374 Et
269 2310 394 2375 'coronas
409 2328 439 2375 et
453 2306 578 2385 musam,
591 2328 670 2391 quae
682 2311 847 2395 occupavit
858 2332 960 2373 meam
969 2311 1104 2375 domum

217 2447 297 2514 Nou
313 2449 395 2513 euim
406 2472 550 2535 unquam
567 2448 699 2531 amplius
717 2452 862 2535 attingam
878 2450 1043 2528 barbitum,
1100 2505 1105 2515 .

218 2586 332 2674 Neque
348 2592 482 2653 animam
499 2592 616 2675 erigam
634 2610 743 2659 canere
756 2590 795 2656 ad
812 2590 959 2675 Libycam

218 2730 356 2795 Tibium:
376 2747 410 2795 tu
428 2734 511 2795 euim
529 2730 664 2813 eripuisti
682 2729 753 2794 mihi
767 2732 1005 2795 oblectationem
1019 2728 1110 2794 vitae.

220 2870 336 2937 Solerti
353 2891 427 2936 vero
444 2891 536 2935 mauu
554 2868 705 2933 artificum
718 2891 832 2955 corpus
845 2886 936 2937 tuum

219 3012 404 3079 Effictumiu
421 3014 501 3077 lecto
519 3010 739 3104 collocabitur:

221 3150 282 3217 Cui
299 3152 446 3233 adjacebo
458 3170 488 3215 et
500 3150 724 3229 circumjiciens
738 3170 862 3230 manus,

219 3294 345 3358 Vocans
356 3308 443 3355 tuum
455 3310 580 3365 nomeu,
591 3288 715 3351 charam
730 3292 762 3352 iu
780 3292 861 3355 uluis

220 3433 364 3495 Videbor
379 3431 490 3494 habere
508 3430 680 3526 conjugem,
693 3432 831 3512 quamvis
849 3450 907 3493 non
925 3428 1071 3491 habeam.

222 3574 379 3658 Frigidam
393 3568 521 3655 quidem
542 3572 651 3650 opinor
663 3567 918 3649 oblectationem,
935 3564 986 3631 sed
1002 3584 1109 3628 tamen

682 3706 700 3737 ἣ
780 3699 783 3711 s
