2484 4184
234 309 705 412 ntrrotrru'a.
762 363 865 436 ¹434·
944 345 992 418 ra

103 483 214 550 Poll'et.
227 484 270 549 D.
284 483 377 551 siner
388 506 450 550 non
464 488 561 566 enim,
573 505 638 550 non
652 482 709 551 sub
721 489 884 575 caliginem
898 495 980 556 terra

104 625 193 691 Deae
205 625 334 690 Veneris
346 627 544 690 vehementia
561 629 714 712 neglectae

11 828 12 841 ,
104 764 230 828 irruunt
242 767 306 830 irae
322 767 356 828 in
368 780 462 830 tuum
474 786 600 851 corpus,

103 901 236 988 Propter
252 919 340 968 tuam
356 906 512 988 pietatem,
525 921 556 968 et
571 906 683 969 bonam
696 867 844 972 mentem.

104 1043 173 1129 Ego
191 1045 274 1108 enim
291 1042 383 1126 iplius
398 1044 493 1106 alium
510 1043 568 1106 hac
585 1065 655 1108 mea
672 1065 778 1122 mauu,

105 1183 172 1276 Ql
189 1185 279 1268 longe
294 1182 488 1248 ehariffimus
500 1179 556 1266 ipſs
570 1179 668 1246 fuerit
689 1186 881 1267 mortalium,

8 1329 12 1355 ¹
104 1323 167 1390 His
183 1325 249 1389 telis
265 1322 483 1390 inevitabilibus
499 1321 639 1387 ulciscar.

104 1463 177 1528 Tibi
193 1483 274 1537 vero,
292 1483 314 1529 o
330 1461 433 1541 miser,
450 1483 510 1547 pro
524 1460 575 1532 his
592 1461 692 1541 malis,
800 1457 807 1482 ¹

104 1600 264 1668 Maximos
281 1603 414 1668 honores
431 1605 464 1666 in
480 1602 558 1666 urhe
570 1600 747 1666 Troezenia

106 1739 216 1805 Dabo:
232 1763 304 1806 nam
323 1741 442 1827 puellae
456 1739 605 1824 innupta'e
620 1756 694 1823 ante
707 1743 832 1826 nuptias

54 1851 56 1857 Ι
105 1877 182 1944 Tibi
199 1881 380 1944 tondebunt
394 1879 502 1950 crines,
519 1901 573 1963 per
586 1880 713 1964 longum
725 1900 834 1946 aarum

64 2016 68 2020 ’
107 2018 288 2087 Maximum
300 2021 418 2084 luctum
429 2018 638 2104 lacrymarum
652 2021 797 2084 lucranti.

109 2156 238 2244 Semper
250 2181 324 2224 vero
340 2161 493 2245 virginum
512 2161 551 2224 de
567 2174 597 2225 te
614 2158 766 2226 musteum

107 2297 255 2367 Studium
268 2304 339 2380 e'rit,
353 2323 408 2366 nec
421 2304 545 2386 ignotus
560 2301 674 2366 cadens

107 2443 145 2506 ln
163 2456 193 2507 te
211 2463 297 2506 amor
309 2440 462 2505 Phaedrae
481 2440 642 2506 tacebitur.

107 2581 160 2647 Tu
173 2604 257 2660 vero,
274 2582 357 2648 ofili
376 2580 455 2647 senis
467 2583 575 2668 Aegei,
593 2579 704 2666 suscipe

3 2682 6 2701 Ι
106 2717 214 2788 Tuum
230 2723 327 2788 filium
343 2725 375 2812 in
390 2725 494 2802 ulnas,
509 2739 541 2786 et
562 2725 701 2820 attrahe3

110 2861 228 2926 lnvitus
244 2863 327 2926 enim
339 2885 409 2928 eum
421 2864 602 2948 perdidisti:
620 2864 761 2938 homines
776 2883 853 2928 vero

109 3000 359 3069 Consentaneum
371 3005 413 3068 eli
427 3026 567 3088 peccare,
580 3006 636 3068 diis
655 3003 913 3088 permittentibus·

109 3143 149 3208 Et
162 3156 193 3205 te
209 3142 369 3236 adhortor,
385 3163 498 3210 utnon
511 3146 585 3210 odio
603 3143 795 3230 prosequaris
808 3159 899 3206 tuum
995 3183 997 3190 ·

3 3271 8 3287 ⁵
108 3280 247 3360 Patrem,
261 3282 449 3368 Hippolyte:
465 3285 559 3349 habes
576 3287 657 3350 enim
668 3257 783 3358 latum,
800 3301 864 3364 quo
876 3281 998 3366 perlilli,

110 3419 149 3484 Et
162 3424 241 3484 vale:
258 3443 327 3487 nam
339 3445 403 3488 non
416 3423 461 3488 fas
479 3428 522 3490 eli
536 3427 608 3489 mihi
622 3425 733 3488 intueri
747 3443 897 3501 mortuos,

110 3561 222 3648 Neque
239 3567 376 3650 polluere
389 3568 500 3634 oculos
517 3566 655 3631 anhelitu
671 3565 883 3630 moribundo:
