2484 4184
250 375 300 449 ως
393 348 858 425 ntrrotrrus.
910 357 994 453 4⁸7.
1084 329 1093 337 ’

246 501 287 565 C.
302 500 453 583 Phaedra,
466 502 541 563 haec
559 500 686 583 quidem
698 482 913 567 dicit⁸utiliora

248 640 302 703 Aa
318 618 515 723 praesentem*
527 618 746 709 calamitatem
765 643 862 708 laudo
877 664 953 709 vero
967 658 1011 710 te.

196 770 199 779 Δ
248 780 312 845 Sed
330 780 405 843 haec
418 781 485 845 laus
502 782 541 862 est
553 779 690 844 odiolior
706 782 808 845 verbis

247 920 366 1003 Hujus,
385 939 414 984 et
429 923 483 985 tibi
503 923 596 1007 longe
609 922 764 987 molestior
777 923 898 988 auditu.

246 1061 281 1129 P.
299 1063 373 1127 Hoc
384 1059 426 1125 est
440 1062 526 1145 quod
538 1066 615 1127 bene
630 1062 808 1129 constitutas
822 1067 990 1130 hominum
1001 1065 1135 1129 civitates

247 1193 285 1269 Et
303 1203 432 1268 familias
446 1206 565 1281 evertit,
582 1207 674 1267 nimis
689 1206 816 1289 pulchri
832 1205 996 1270 sermones.

164 1344 169 1351 '
247 1342 326 1410 Non
339 1346 421 1407 enim
436 1360 562 1427 oportet
579 1346 681 1408 dicere
688 1346 831 1426 'jucunda
846 1348 987 1421 auribus,

227 1454 312 1551 'sed
331 1486 374 1560 id,
395 1506 434 1549 ex
449 1507 515 1569 quo
527 1486 688 1571 gloriosus
705 1487 772 1569 quis
788 1488 910 1551 evadat.
939 1487 981 1549 N.
999 1486 1087 1576 Qid

227 1648 233 1657 ·
248 1616 506 1711 ''addeo'magnifice
519 1626 675 1709 loqueris!
692 1646 755 1689 non
765 1627 868 1689 verbis
879 1624 1019 1711 speciosis
1032 1648 1111 1689 nunc
1211 1664 1214 1673 ·

247 1766 339 1850 Opus
355 1764 398 1828 est
414 1767 486 1831 tibi:
509 1763 559 1830 sed
573 1768 665 1828 viro:
680 1765 830 1830 Celeriter
847 1766 1086 1853 dispiciendum,

248 1900 386 1973 Rodium
398 1906 436 1969 de
450 1923 480 1991 te
495 1907 671 1971 sermonem
687 1910 895 2014 enuntiantef.

209 2034 314 2145 JNtfi
331 2048 412 2113 enim
425 2063 480 2112 tua
493 2035 599 2113 vitain
609 2049 836 2137 calamitatibus
845 2064 977 2113 verteret
990 2048 1094 2127 tantis,
1106 2062 1137 2112 ot

249 2193 285 2253 Si
296 2187 370 2255 effes
387 2190 544 2275 impudica
557 2190 682 2269 mulier,
693 2210 857 2275 nunquam
869 2205 996 2275 propter
1008 2189 1138 2269 lelium,

245 2324 286 2392 Et
304 2328 496 2413 voluptatem
512 2344 613 2408 tuam,
624 2331 688 2393 huc
701 2346 732 2393 te
746 2330 946 2395 adhortator:
964 2350 1048 2393 nunc
1062 2348 1136 2393 veto

130 2496 133 2512 =
248 2467 303 2531 Est
313 2490 462 2553 magnum
476 2472 641 2542 (ettamen,
651 2486 682 2533 et
694 2466 814 2533 servem
823 2472 918 2533 vita-tn
925 2486 1022 2545 tuam,
1032 2486 1136 2553 neque

247 2606 321 2671 Hoc
339 2610 469 2674 invidiae
487 2612 525 2691 est
541 2610 730 2675 obnoxium.
757 2608 795 2672 Ρ.
809 2608 841 2673 Ο
858 2609 973 2674 atrocia
989 2608 1109 2674 locutae

247 2746 325 2813 Non
337 2730 466 2815 'claudes
480 2752 538 2813 oa?
561 2764 592 2814 et
610 2771 675 2813 non
693 2750 765 2814 edes
779 2752 891 2816 irenam

245 2884 456 2972 ‘ruratffimos
464 2888 638 2955 sermones?
656 2890 699 2952 N.
710 2891 791 2955 Sunt
801 2892 932 2975 quidem
944 2891 1019 2955 haec
1026 2888 1135 2971 turpia,

246 3026 311 3093 sed
329 3032 459 3096 meliora
472 3046 578 3095 tamen
593 3032 663 3108 tibi,
679 3055 775 3117 quam
788 3034 927 3098 honesta.
960 3030 1076 3095 Melior

248 3166 341 3233 Enim
354 3173 416 3235 erit
431 3194 489 3245 res,
506 3172 529 3235 fi
547 3172 644 3237 modo
660 3189 691 3237 te
703 3172 841 3251 servarit,
857 3194 952 3257 quam
963 3173 1045 3236 illud

248 3308 459 3395 Nomen‚quo
470 3312 853 3399 tusupetbiensmorieris.
866 3312 904 3375 P.
911 3287 961 3377 Ne
972 3334 1027 3397 per
1036 3314 1136 3393 Deos,

248 3446 333 3513 Bene
343 3456 425 3517 onim
438 3454 531 3531 dieis,
542 3454 590 3519 sed
604 3451 717 3538 turpia,
728 3456 808 3517 ultra
821 3454 896 3517 haec
907 3456 1137 3539 progrediariat

247 3586 346 3680 Qod
363 3595 444 3660 telle
456 3594 638 3680 subjecerim
653 3597 785 3661 attimaro
800 3593 1003 3678 prudentibus
