2484 4184
250 302 726 379 HIPPOLYTUS.
784 330 889 407 ¹035·
967 336 1016 409 50

117 450 207 515 Vero
214 414 322 518 haben.
335 452 462 517 sienim
475 452 547 517 effet
558 454 634 519 mihi
642 456 735 537 testis,
748 457 848 540 qualis
860 478 921 543 ego
931 458 1015 539 sum,

34 662 35 665 Ἴ
117 588 320 655 iit-certarem
338 592 394 657 ista
411 592 510 659 lucem
528 594 664 674 vidente,

32 780 45 815 ,
115 730 211 795 Fastis
228 730 406 798 convieiffes
419 733 529 813 malos,
548 733 765 821 fiindagaffee.

114 870 210 937 Nunc
227 894 306 936 vero
318 874 431 955 Jovem
448 874 606 939 custodem
612 875 829 957 jurisjurandi,
845 890 877 940 et
894 876 957 943 hoc

112 1012 224 1077 Solum
242 1030 339 1079 terrae
347 1015 433 1096 juro,
451 1036 501 1079 me
514 1017 808 1101 nunquamattigiffe
823 1030 911 1079 tuam

111 1153 300 1241 Conjugem,
318 1178 421 1241 neque
434 1155 569 1233 voluisse,
587 1174 689 1239 neque
706 1158 739 1219 in
753 1171 891 1221 mentem
906 1157 961 1221 hoe

110 1291 192 1359 Mihi
208 1292 330 1360 veniffe·
352 1296 487 1381 Alioqui
504 1315 626 1380 peream
642 1295 804 1379 inglorius,
822 1293 957 1374 infamis,

22 1406 39 1441 ⁸
109 1432 182 1498 Sine
194 1435 327 1515 civitate,
345 1438 483 1513 aedibus,
495 1436 569 1499 exul
586 1455 695 1499 errans
708 1436 742 1499 in
755 1402 858 1501 ternu:

104 1571 144 1637 Et
157 1595 261 1658 neque
274 1596 370 1656 mare,
385 1597 495 1661 neque,
504 1593 585 1641 terra
604 1577 735 1661 recipiat
752 1597 837 1640 mean

105 1712 218 1783 carnes
235 1713 391 1789 defuncti,
408 1717 432 1779 fi
449 1714 517 1781 sum
533 1716 695 1781 sceleratus
711 1716 769 1779 vir.

104 1854 159 1917 An
172 1868 278 1925 autem
291 1854 343 1919 illa
360 1876 514 1930 metuens,
532 1855 701 1938 perdiderit
718 1841 837 1932 vitans

100 1990 232 2089 Nescin:
248 2013 322 2060 nam
330 1994 409 2057 mihi
426 2018 490 2059 non
503 1994 577 2059 licet
590 1994 692 2057 dicere
708 1994 801 2057 ultra.
853 2043 856 2047 .

99 2128 172 2195 Fuit
190 2135 340 2217 prudens,
350 2156 420 2201 cum
430 2148 528 2199 tamen
548 2153 615 2197 non
627 2130 725 2218 poffet
742 2132 802 2199 effe
817 2132 922 2197 castae
942 2153 997 2199 noe

99 2268 191 2335 Vero
207 2273 358 2339 habentes
375 2276 552 2357 cetsiitatm,
567 2292 675 2338 ennon
692 2274 773 2339 rede
788 2274 891 2340 sumus
907 2276 967 2341 ud.
1024 2250 1030 2265 ⁴

95 2412 136 2477 C.
152 2412 365 2483 sufficientem
384 2415 488 2479 dixisti
500 2405 633 2481 criminis
649 2416 753 2493 obsedi
768 2411 992 2498 depuifionem,

96 2553 316 2635 Jusjurandum
329 2530 491 2639 praebens,
505 2574 578 2630 nou¹
587 2558 655 2619 leve
668 2557 908 2632 documentum,

94 2692 258 2759 Deorum.
285 2694 326 2759 T.
342 2695 457 2762 Nonne
474 2698 524 2761 hic
542 2696 585 2761 est
600 2698 778 2771 incantator
793 2678 835 2757 et*

93 2832 329 2919 Praestigiator,
343 2839 399 2931 qui
411 2835 544 2907 confidit
559 2856 685 2919 morum
700 2834 822 2897 lenitate
836 2830 867 2895 se
879 2853 987 2916 meum

94 2976 252 3041 Animum
270 2977 440 3053 flexurum,
459 2996 528 3039 cum
545 2955 730 3059 patremne
748 2971 914 3057 ignominie

87 3116 262 3193 ‘Affeceriti
281 3118 320 3179 H.
338 3108 441 3197 Atqui
457 3114 489 3177 in
508 3128 539 3176 te
556 3113 646 3177 vaide
662 3113 736 3177 haee
749 3111 858 3190 miror,
874 3126 962 3193 pater
971 3130 988 3217 t·

90 3254 128 3321 Si
145 3255 230 3319 enim
247 3276 326 3317 meus
339 3268 371 3317 tu
384 3251 459 3317 effes
471 3252 563 3335 filiun
580 3276 639 3340 ego
649 3244 726 3318 vern
742 3266 817 3328 tuns
831 3263 932 3333 pater,

87 3392 312 3473 Interfeciffem
330 3392 470 3476 profesto
489 3410 531 3469 te,
549 3415 604 3458 nec
621 3393 716 3457 exilio
733 3388 934 3467 mulctaffem,

86 3532 256 3621 Siquidem
278 3530 369 3601 ausus
382 3508 482 3601 iuiss'es
503 3555 603 3599 meam
622 3554 756 3599 uxorem
774 3533 931 3616 attingere.

145 3692 244 3743 nou.
266 3673 340 3743 tu(
542 3672 576 3737 N
