2484 4184
288 319 757 405 HIPPOLYTUS.
809 336 893 430 989.
984 336 1033 427 48

144 480 179 547 Si
192 479 272 547 enim
286 481 416 545 affedius
432 482 493 545 hac
509 450 622 562 injuria
634 501 653 544 a
667 495 699 545 te
709 482 865 561 vincerer,

145 622 318 707 Nunquam
331 620 478 709 lsrlrmiua
490 618 569 685 Sinis
581 619 772 685 testabitura
785 642 837 687 me

12 812 22 839 .
148 761 187 829 te
205 762 336 839 caesum,
351 762 400 827 sed
413 780 464 825 me
480 758 595 825 frustra
610 763 761 847 gloriatin

145 862 260 985 Nedue
276 906 370 969 maris
386 902 504 967 sodales
520 899 690 967 Scironides
700 919 844 985 uuquam

147 1038 255 1107 Petrae
273 1044 387 1116 dicent,
403 1065 454 1107 me
464 1062 591 1127 gravem
602 1041 660 1107 else
677 1045 774 1107 malis.

148 1177 198 1251 C?
208 1182 320 1248 Nescio
333 1186 499 1268 quomodo
515 1187 617 1265 dicam
632 1184 756 1252 felicem
769 1181 827 1249 elle
839 1183 940 1250 ullrtm

149 1323 190 1389 M
192 1323 351 1403 ortelium,
368 1346 438 1391 nam
455 1328 600 1411 primaria
611 1327 714 1391 rursus
725 1295 887 1391 retroversa
898 1323 980 1389 suut.

152 1466 192 1529 H.
208 1463 306 1540 Pater,
321 1480 373 1529 tua
387 1467 512 1550 quidem
524 1470 580 1541 ira,
593 1466 816 1531 et-commotio
828 1465 925 1529 animi
942 1464 991 1529 tui
1013 1460 1018 1471 ’

152 1604 330 1669 Vehemens
340 1608 398 1688 nd:
415 1628 481 1671 rem
501 1623 607 1671 tamen
622 1628 704 1689 quae
717 1605 861 1691 pulchras
874 1607 968 1672 habet
1061 1567 1065 1577 ι

154 1743 333 1823 Orationes,
345 1744 367 1809 st
383 1750 454 1833 quis
467 1772 516 1813 eas
534 1750 695 1828 evolverit,
706 1768 771 1813 uon
784 1747 855 1812 ellet
871 1741 1043 1833 pulchrum

153 1884 221 1969 Ego
233 1888 380 1969 verosum
390 1891 507 1973 ineptus
518 1888 556 1953 ad
567 1892 660 1953 verba
671 1887 848 1954 faciendum
860 1887 943 1972 apud

154 2028 322 2093 Turbam:
338 2030 421 2113 apud
432 2029 571 2111 aequales
582 2048 661 2092 vero
677 2045 707 2091 et
724 2048 840 2113 paucos
856 2027 992 2113 peritior.

154 2167 262 2233 Habet
272 2185 371 2232 autem
382 2170 481 2232 ethoc
493 2167 721 2253 congruentiam
730 2170 868 2251 aliquam
880 2188 889 2229 r
899 2167 1043 2251 quienim

157 2306 244 2371 Inter
259 2307 405 2391 sapientes
416 2306 603 2378 nulliussunt
614 2309 769 2393 pretii,illi
779 2307 846 2373 sunt
862 2308 990 2393 aptiores
1003 2305 1044 2369 ad

95 2466 98 2471 ·
157 2448 367 2532 Loquendum
378 2451 460 2534 apud
474 2452 609 2515 turbam.
622 2425 748 2515 Tamen
765 2446 880 2514 neceffe
891 2448 946 2521 est.

157 2588 305 2687 Veniente
324 2590 511 2668 calamitate,
524 2591 666 2677 linguam
684 2612 734 2653 me
749 2587 884 2665 solvere;
909 2586 1047 2671 primum

162 2729 280 2792 Autem
293 2728 436 2812 incipiam
448 2730 561 2809 dicere,
574 2730 659 2795 unde
672 2751 719 2794 me
731 2733 816 2819 prius
829 2730 961 2791 adortus
969 2746 1001 2791 es
1010 2734 1050 2791 rt

161 2868 350 2947 Perditutus,
363 2886 392 2933 et
413 2890 477 2935 uon
489 2870 766 2936 contra'diilu'rum.
786 2871 989 2935 intuerishoc

162 3010 295 3089 Lumen,
307 3028 340 3077 et
355 3028 464 3075 terram
478 3010 490 3076 i
505 3015 537 3075 in
553 3011 601 3075 his
614 3032 680 3075 non
691 3014 734 3077 est
744 3014 790 3075 vir
800 3030 851 3077 nte

162 3150 282 3216 Castior
297 3159 398 3228 natus,
415 3150 531 3215 etiamst
546 3172 581 3215 tu
599 3170 703 3239 neges.

161 3289 244 3357 Nam
257 3295 394 3376 primum
405 3293 533 3376 quidem
544 3296 616 3358 novi
633 3294 736 3360 colere
751 3294 838 3368 deos,

163 3429 204 3495 Et
217 3430 379 3495 adsciscere
395 3437 519 3509 amicos,
533 3436 686 3498 malorum
700 3419 802 3513 rudes,

165 3572 231 3641 seo
247 3576 279 3639 itt
298 3576 411 3659 quibus
426 3576 465 3657 est
483 3578 599 3661 pudor,
619 3595 719 3659 neque
746 3577 902 3660 inhonesta
918 3572 1053 3656 suadere,
