2484 4184
259 338 302 415 η
392 306 859 417 urruunrruu
911 318 1002 404 307.

254 462 328 529 usto
346 457 474 537 marist
491 428 645 531 moriaris.
662 455 791 542 prodere
806 470 837 521 te
850 472 920 522 tuos

253 603 396 677 Liberos,
414 613 559 687 pateruae
571 575 632 663 uod
650 598 811 683 participes
828 596 940 660 domus
957 593 1099 662 futuros:

164 819 167 827 Ι
253 743 331 809 Non
345 762 399 826 per
414 742 553 825 reginam
566 734 741 823 equestrem
757 740 964 813 Amazonem,

254 882 342 973 Qae
359 883 419 947 tuis
435 834 536 947 liberis
554 878 715 945 dominum
729 876 906 961 procreavit
1001 946 1004 951 ,

143 1012 145 1017 ’
252 1022 414 1107 Spurium,
429 1018 609 1083 sentientem
624 1015 775 1094 liberalia,
792 1016 889 1099 probe
906 1012 1005 1099 ipsum
1022 1014 1113 1095 nosti·

253 1161 474 1247 Hippolytum.
497 1160 531 1221 Ρ.
546 1156 618 1223 Heu
632 1176 694 1219 me.
720 1155 765 1221 N.
782 1154 898 1239 Tangit
912 1152 1039 1219 te'hoc?

252 1298 290 1365 P.
310 1253 469 1365 Perdidisti
488 1318 550 1397 me,
567 1298 694 1375 nutriam
716 1313 810 1381 teque
826 1315 884 1381 per
895 1294 981 1361 Deua

254 1434 339 1517 Oro,
351 1452 388 1501 ut
406 1436 445 1500 de
459 1439 523 1503 hoc
537 1440 601 1501 uiro
612 1452 711 1500 taceas
725 1435 939 1521 inposterum.

252 1575 295 1641 N.
310 1572 426 1648 Vides?
447 1574 530 1647 recle
548 1575 676 1663 quidem
688 1572 775 1661 sapit,
790 1572 906 1659 sapiens
918 1593 993 1637 vero
1003 1592 1064 1638 non
1077 1574 1122 1639 vic

252 1715 398 1805 Filiisque
413 1713 564 1805 prodefl‘c,
581 1732 610 1779 et
626 1733 709 1779 tuam
720 1711 843 1779 servare
859 1712 968 1777 vitam.

253 1854 288 1919 P.
309 1858 394 1921 Amo
407 1856 538 1921 libertast
553 1852 601 1919 sed
620 1852 786 1935 aliajacior
798 1853 988 1919 calamitate.

253 1992 298 2059 N.
310 1993 342 2058 Ο
355 1994 429 2072 filia,
447 2015 540 2079 puras
559 1992 683 2079 quidem
696 2014 806 2059 uranus
822 1994 950 2059 habena
967 1990 1136 2080 sauguine?

251 2130 289 2197 P.
306 2132 418 2199 Manus
437 2132 563 2217 quidem
579 2130 650 2197 sunt
667 2154 776 2217 purae,
793 2130 944 2198 sedmens
954 2133 1112 2217 piaculum

252 2272 423 2363 Qoddam
436 2275 539 2337 habet.
569 2272 613 2335 N.
631 2274 721 2337 Num
739 2292 780 2335 ex
797 2271 1039 2337 aliunde-oblato
1054 2272 1136 2340 malo
1203 2261 1219 2305 ¹

251 2408 371 2474 Inimici
382 2410 536 2491 alicujus?
555 2410 591 2477 P.
600 2386 732 2475 Amicua
741 2430 789 2474 me
801 2409 900 2495 perdit
910 2431 976 2476 nou
986 2412 1137 2478 volentem
1184 2379 1187 2388 .

250 2545 452 2658 Nonpolens.
477 2550 520 2615 N.
535 2551 588 2615 An
600 2543 739 2617 Theseus
749 2552 878 2636 aliquod
888 2569 1051 2634 peccatum
1064 2556 1137 2621 inte

188 2765 192 2778 .
250 2686 413 2751 Peccavit?
439 2691 474 2753 P.
486 2691 616 2757 Utinam
626 2713 694 2781 *ego
711 2712 879 2775 nunquam
892 2692 980 2756 illum
995 2691 1110 2758 lacsall'e

144 2880 150 2897 ,
250 2823 389 2891 Videat?
416 2827 458 2895 N.
473 2831 564 2919 Qae
580 2830 623 2897 est
640 2833 735 2917 igitur
751 2831 803 2895 illa
819 2850 987 2915 magnares
1004 2854 1086 2917 quac
1105 2851 1136 2899 te

250 2960 345 3049 Cogit
361 2966 462 3031 mori?
489 2972 522 3033 Ρ.
537 2970 612 3035 Sine
626 2993 677 3034 mc
689 2992 825 3056 peccare,
840 2994 898 3035 nec
911 2974 996 3036 enim
1009 2973 1042 3035 in
1055 2991 1085 3037 te

56 3156 59 3163 -
127 3087 129 3091 Ι
247 3110 356 3177 Pecco.
374 3109 417 3173 N.
428 3109 523 3173 Haud
534 3104 673 3195 profecto
683 3110 788 3201 volens
788 3108 900 3195 stram,
912 3110 964 3176 sed
976 3128 1033 3177 tua
1044 3113 1136 3199 culpa

206 3263 210 3269 '
248 3247 416 3317 Deficiam.
443 3252 478 3315 P.
493 3248 582 3339 Qid
596 3251 683 3335 agis?
709 3251 827 3316 Vimne
844 3248 932 3329 facis,
945 3254 1079 3339 pendeus
1092 3276 1134 3319 ex

248 3385 376 3462 Manu?
401 3390 444 3453 N.
458 3391 496 3453 Et
510 3392 586 3455 haec
600 3414 706 3479 genua
719 3414 786 3457 uon
804 3394 960 3489 dimittam
975 3416 1133 3481 uuquam.

245 3514 285 3589 P.
302 3526 390 3593 Mala
403 3531 500 3605 tibio
519 3532 681 3613 misera,s1
698 3506 824 3601 audieris
841 3534 915 3597 hacc
932 3535 1019 3602 mala.
