2484 4184
293 299 329 366 A
360 295 391 368 L
417 293 714 374 CESTIS.
769 305 852 394 361·
976 319 1026 398 90'

125 443 216 510 Onus
232 446 353 508 animae
371 446 551 514 exhauriam
565 473 576 526 ς
594 450 626 514 io
642 448 756 514 somnis
767 470 843 514 vero
886 524 888 527 v

124 584 297 650 occurrens
314 586 479 654 oblectabis
498 611 557 654 me.
578 591 715 654 Gratum
726 589 878 695 ¹enimest
894 580 1030 674 amicuss

0 776 5 783 .
32 722 35 728 “
71 776 74 781 .
123 690 225 792 uriam
241 737 337 790 noctu
352 727 460 807 videri,
477 750 668 815 quocunque
687 749 828 813 tempore
845 727 997 812 adfuerit:
1025 758 1028 777 r

123 863 159 930 si
172 883 248 930 vero
261 866 338 930 mihi
355 865 476 954 Orphei
487 867 598 934 adcffet
611 871 731 953 lingua,
742 885 774 934 et
785 889 923 948 carnaco,

122 1003 172 1070 Ut
183 1005 280 1071 filiam
294 1005 429 1086 Cereris,
444 1024 498 1074 aut
511 1007 579 1092 ejus
592 1011 739 1074 maritum

121 1145 313 1214 nemmem
325 1147 470 1230 carmine,
483 1151 523 1214 ab
536 1145 644 1212 inferis
657 1149 806 1214 reducere
820 1167 850 1213 re
864 1146 997 1234 poffem,

120 1285 374 1356 Descenderem:
391 1309 449 1356 nec
460 1309 508 1354 me
519 1289 659 1354 Plutonis
677 1288 772 1368 canis,

119 1424 235 1514 Neque
245 1399 406 1494 *deductor
423 1428 597 1494 animarum
614 1426 739 1492 Charon
756 1428 812 1514 qui
830 1429 870 1494 ad
895 1449 1018 1494 remum

120 1565 221 1647 Sada,
230 1568 427 1648 cohiberent,
437 1565 613 1654 priusquam
624 1582 654 1630 te
669 1568 705 1632 in
716 1568 809 1633 vitam
825 1567 1011 1637 reducerem.

120 1707 250 1774 Verum.
260 1707 324 1774 illic
334 1729 384 1776 me
402 1721 541 1796 expecta,
555 1703 682 1794 quando
697 1708 824 1787 moriar,

119 1845 338 1934 Praeparaque
354 1847 558 1928 domicilium,
572 1863 608 1913 ut
624 1867 745 1912 mecum
759 1849 946 1913 habitatura.

119 1985 285 2053 Mandabo
300 1987 383 2052 enim
400 1985 433 2054 in
452 1985 560 2052 iisdem
572 1988 704 2056 cedrinis
717 1989 796 2052 arcis
812 2009 879 2052 mea

120 2129 245 2194 Tecum
263 2125 536 2212 ripariarum
553 2129 648 2194 latera
662 2143 852 2213 componant
868 2148 967 2214 prope

118 2266 231 2332 Latera
240 2265 528 2334 tuaaotinamenim
539 2267 1013 2356 nemonuusquidemunquaru

118 2407 150 2472 A
165 2422 196 2472 te
212 2405 364 2490 sejunctus
380 2406 448 2486 sim,
462 2427 542 2494 quae
559 2407 620 2476 sola
634 2408 713 2474 mihi
726 2406 810 2474 fuisti
820 2406 897 2474 fida.

0 2616 14 2639 ,μ
117 2545 156 2614 C.
166 2545 205 2612 Et
221 2563 280 2634 ego
293 2544 365 2612 sane
382 2545 466 2614 hune
477 2549 609 2629 luctum,
620 2562 658 2614 ut
670 2549 790 2614 amicus
811 2565 886 2613 eum
901 2546 1014 2628 amico,

116 2688 255 2752 Tristem
272 2702 401 2774 propter
417 2689 499 2754 hanc
518 2708 580 2754 una
598 2705 705 2754 recum
715 2685 814 2754 feram
828 2709 837 2750 ε
853 2683 915 2771 ipsa
928 2688 1012 2752 euim

115 2827 166 2906 Est
182 2827 287 2911 digna.
303 2826 374 2895 AL.
386 2828 417 2894 0
429 2827 530 2908 liberi,
543 2849 600 2894 vos
607 2829 675 2910 jam
689 2823 848 2892 audivistis
862 2825 940 2889 haec

113 2965 576 3045 Patremdicentem,seuullam
587 2967 679 3032 aliam
690 2965 862 3031 ducturum
871 2981 1013 3046 unquam
1130 3036 1134 3045 ,

114 3107 260 3172 Uxorem
272 3107 371 3184 vobis,
385 3128 485 3193 neque
501 3129 549 3173 me
566 3108 792 3192 neglecturum.

114 3247 189 3312 AD.
206 3247 246 3310 Et
263 3267 347 3310 nunc
363 3245 489 3314 affirmo
502 3246 612 3325 eadem,
625 3262 656 3312 et
671 3243 786 3312 faciam
800 3245 888 3308 haec.

115 3379 190 3451 AL.
200 3383 268 3450 Hac
282 3385 460 3452 conditione
475 3387 578 3470 accipe
592 3385 707 3451 liberos
721 3404 760 3448 ex
772 3384 913 3450 manibus
925 3383 1013 3453 meir.

116 3521 193 3588 AD.
211 3525 342 3609 Accipio
359 3543 486 3612 gratum
498 3542 581 3592 certe
600 3546 718 3591 munus
731 3545 772 3592 ex
787 3527 890 3594 amica
906 3543 1014 3592 mauu.

168 3681 266 3730 rou.
286 3683 353 3730 ur.
601 3663 631 3730 Z
